
@article{10.48550/arxiv.1704.00028,
  author = {Gulrajani, I. and Ahmed, F. and Arjovsky, M. and Dumoulin, V. and Courville, A.},
  title = {Improved training of wasserstein gans},
  year = {2017},
  doi = {10.48550/arxiv.1704.00028}
}
@article{10.1002/mgea.30,
  author = {Jiang, Y.},
  title = {Applications of generative adversarial networks in materials science},
  journal = {Materials Genome Engineering Advances},
  year = {2024},
  volume = {2},
  issue = {1},
  doi = {10.1002/mgea.30}
}
@article{10.1016/j.media.2019.101552,
  author = {Xin, Y. and Walia, E. and Babyn, P.},
  title = {Generative adversarial network in medical imaging: a review},
  journal = {Medical Image Analysis},
  year = {2019},
  volume = {58},
  pages = {101552},
  doi = {10.1016/j.media.2019.101552}
}
@article{10.1016/j.artmed.2020.101938,
  author = {Kazeminia, S. and Baur, C. and Kuijper, A. and Ginneken, B. and Navab, N. and Albarqouni, S. and Mukhopadhyay, A.},
  title = {Gans for medical image analysis},
  journal = {Artificial Intelligence in Medicine},
  year = {2020},
  volume = {109},
  pages = {101938},
  doi = {10.1016/j.artmed.2020.101938}
}

@article{10.1109/iccv.2019.00453, author = {Abdal, R. and Qin, Y. and Wonka, P.}, title = {Image2stylegan: how to embed images into the stylegan latent space?}, journal = {2019 IEEE/CVF International Conference on Computer Vision (ICCV)}, year = {2019}, doi = {10.1109/iccv.2019.00453} }
@article{10.1016/j.neucom.2018.09.013,
  author = {Frid-Adar, M. and Diamant, I. and Klang, E. and Amitai, M. M. and Goldberger, J. and Greenspan, H.},
  title = {Gan-based synthetic medical image augmentation for increased cnn performance in liver lesion classification},
  journal = {Neurocomputing},
  year = {2018},
  volume = {321},
  pages = {321-331},
  doi = {10.1016/j.neucom.2018.09.013}
}




% DBM
@article{10.1007/978-3-642-40728-4_14,
  author = {Cho, K. and Raiko, T. and Ilin, A. and Karhunen, J.},
  title = {A two-stage pretraining algorithm for deep boltzmann machines},
  year = {2013},
  pages = {106-113},
  doi = {10.1007/978-3-642-40728-4_14}
}
@article{10.48550/arxiv.1203.3783,
  author = {Montavon, G.},
  title = {Learning feature hierarchies with centered deep boltzmann machines},
  year = {2012},
  doi = {10.48550/arxiv.1203.3783}
}
@article{10.48550/arxiv.2303.10728,
  author = {Niazi, S. and Aadit, N. and Mohseni, M. and Chowdhury, S. and Qin, Y.},
  title = {Training deep boltzmann networks with sparse ising machines},
  year = {2023},
  doi = {10.48550/arxiv.2303.10728}
}
@article{10.1162/neco_a_00311,
  author = {Salakhutdinov, R. and Hinton, G.},
  title = {An efficient learning procedure for deep boltzmann machines},
  journal = {Neural Computation},
  year = {2012},
  volume = {24},
  issue = {8},
  pages = {1967-2006},
  doi = {10.1162/neco_a_00311}
}



% VAE
@article{10.1561/2200000056,
  author = {Kingma, D. and Welling, M.},
  title = {An introduction to variational autoencoders},
  journal = {Foundations and Trends® in Machine Learning},
  year = {2019},
  volume = {12},
  issue = {4},
  pages = {307-392},
  doi = {10.1561/2200000056}
}
@article{10.1109/access.2020.2977671,
  author = {Guo, C. and Zhou, J. and Chen, H. and Ying, N. and Zhang, J. and Zhou, D.},
  title = {Variational autoencoder with optimizing gaussian mixture model priors},
  journal = {Ieee Access},
  year = {2020},
  volume = {8},
  pages = {43992-44005},
  doi = {10.1109/access.2020.2977671}
}
@article{10.3390/jimaging4020036,
  author = {Kiran, B. and Thomas, D. and Parakkal, R.},
  title = {An overview of deep learning based methods for unsupervised and semi-supervised anomaly detection in videos},
  journal = {Journal of Imaging},
  year = {2018},
  volume = {4},
  issue = {2},
  pages = {36},
  doi = {10.3390/jimaging4020036}
}
@article{10.1088/2632-2153/ab80b7,
  author = {Varolgunes, Y. and Bereau, T. and Rudzinski, J.},
  title = {Interpretable embeddings from molecular simulations using gaussian mixture variational autoencoders},
  journal = {Machine Learning Science and Technology},
  year = {2020},
  volume = {1},
  issue = {1},
  pages = {015012},
  doi = {10.1088/2632-2153/ab80b7}
}
@article{10.48550/arxiv.2002.10464,
  author = {Portillo, S.},
  title = {Dimensionality reduction of sdss spectra with variational autoencoders},
  year = {2020},
  doi = {10.48550/arxiv.2002.10464}
}
@article{10.1109/cvpr.2019.01247,
  author = {Zheng, Z. and Li, S.},
  title = {Disentangling latent space for vae by label relevant/irrelevant dimensions},
  year = {2019},
  doi = {10.1109/cvpr.2019.01247}
}

@article{10.1093/imaiai/iaw003,
  author = {Alain, G. and Bengio, Y. and Yao, L. and Yosinski, J. and Thibodeau-Laufer, É. and Zhang, S. and Vincent, P.},
  title = {Gsns: generative stochastic networks},
  journal = {Information and Inference a Journal of the Ima},
  year = {2016},
  volume = {5},
  issue = {2},
  pages = {210-249},
  doi = {10.1093/imaiai/iaw003}
}
@article{10.48550/arxiv.2302.09465,
  author = {Pan, L. and Zhang, D. and Moksh, J. and Huang, L. and Bengio, Y.},
  title = {Stochastic generative flow networks},
  year = {2023},
  doi = {10.48550/arxiv.2302.09465}
}

@article{10.48550/arxiv.1909.13062,
  author = {Munjal, P. and Paul, A. and Krishnan, N.},
  title = {Implicit discriminator in variational autoencoder},
  year = {2019},
  doi = {10.48550/arxiv.1909.13062}
}
@article{10.3390/bioengineering10101209,
  author = {Sidulova, M.},
  title = {Conditional variational autoencoder for functional connectivity analysis of autism spectrum disorder functional magnetic resonance imaging data: a comparative study},
  journal = {Bioengineering},
  year = {2023},
  volume = {10},
  issue = {10},
  pages = {1209},
  doi = {10.3390/bioengineering10101209}
}
@article{10.48550/arxiv.2106.06500,
  author = {Bie, X. and Girin, L. and Leglaive, S. and Hueber, T. and Alameda-Pineda, X.},
  title = {A benchmark of dynamical variational autoencoders applied to speech spectrogram modeling},
  year = {2021},
  doi = {10.48550/arxiv.2106.06500}
}


% NCE
@article{10.48550/arxiv.1711.00658,
  author = {Han, L. and Huang, Y. and Zhang, T.},
  title = {Candidates vs. noises estimation for large multi-class classification problem},
  year = {2017},
  doi = {10.48550/arxiv.1711.00658}
}
@article{10.48550/arxiv.2110.11271,
  author = {Liu, B. and Rosenfeld, E. and Ravikumar, P. and Risteski, A.},
  title = {Analyzing and improving the optimization landscape of noise-contrastive estimation},
  year = {2021},
  doi = {10.48550/arxiv.2110.11271}
}
@article{10.21437/interspeech.2016-1295,
  author = {Damavandi, B. and Kumar, S. and Shazeer, N. and Bruguier, A.},
  title = {Nn-grams: unifying neural network and n-gram language models for speech recognition},
  year = {2016},
  doi = {10.21437/interspeech.2016-1295}
}
@article{10.18653/v1/e17-2003,
  author = {Labeau, M. and Allauzen, A.},
  title = {An experimental analysis of noise-contrastive estimation: the noise
            distribution matters},
  year = {2017},
  doi = {10.18653/v1/e17-2003}
}
@article{10.48550/arxiv.2101.03288,
  author = {Song, Y.},
  title = {How to train your energy-based models},
  year = {2021},
  doi = {10.48550/arxiv.2101.03288}
}

% Diffusion model
@article{10.1109/access.2020.3018151,
  author = {Wei, R. and Garcia, C. and El-Sayed, A. and Peterson, V. and Mahmood, A.},
  title = {Variations in variational autoencoders - a comparative evaluation},
  journal = {Ieee Access},
  year = {2020},
  volume = {8},
  pages = {153651-153670},
  doi = {10.1109/access.2020.3018151}
}
@article{10.3390/e24010055,
  author = {Singh, A. and Ogunfunmi, T.},
  title = {An overview of variational autoencoders for source separation, finance, and bio-signal applications},
  journal = {Entropy},
  year = {2021},
  volume = {24},
  issue = {1},
  pages = {55},
  doi = {10.3390/e24010055}
}
@article{10.48550/arxiv.1912.10647,
  author = {Sadeghi, M. and Alameda-Pineda, X.},
  title = {Mixture of inference networks for vae-based audio-visual speech enhancement},
  year = {2019},
  doi = {10.48550/arxiv.1912.10647}
}
@article{10.48550/arxiv.2007.03898,
  author = {Vahdat, A.},
  title = {Nvae: a deep hierarchical variational autoencoder},
  year = {2020},
  doi = {10.48550/arxiv.2007.03898}
}
@article{10.3390/s23229175,
  author = {Tang, X.},
  title = {Supervised multi-layer conditional variational auto-encoder for process modeling and soft sensor},
  journal = {Sensors},
  year = {2023},
  volume = {23},
  issue = {22},
  pages = {9175},
  doi = {10.3390/s23229175}
}
@article{10.1109/icmla55696.2022.00239,
  author = {Mine, Ö. and Ramchandran, S. and Papatheodorou, D. and Lähdesmäki, H.},
  title = {A variational autoencoder for heterogeneous temporal and longitudinal data},
  year = {2022},
  doi = {10.1109/icmla55696.2022.00239}
}
@article{10.1109/icassp.2019.8682623,
  author = {Li, L. and Kameoka, H. and Makino, S.},
  title = {Fast mvae: joint separation and classification of mixed sources based on multichannel variational autoencoder with auxiliary classifier},
  year = {2019},
  doi = {10.1109/icassp.2019.8682623}
}
@article{10.1016/j.crmeth.2021.100071,
  author = {Minoura, K. and Nam, H. and Nishikawa, H. and Shimamura, T.},
  title = {A mixture-of-experts deep generative model for integrated analysis of single-cell multiomics data},
  journal = {Cell Reports Methods},
  year = {2021},
  volume = {1},
  issue = {5},
  pages = {100071},
  doi = {10.1016/j.crmeth.2021.100071}
}
@article{10.1109/jbhi.2021.3123839,
  author = {Barrejón, D. and Olmos, P. and Artés‐Rodríguez, A.},
  title = {Medical data wrangling with sequential variational autoencoders},
  journal = {Ieee Journal of Biomedical and Health Informatics},
  year = {2022},
  volume = {26},
  issue = {6},
  pages = {2737-2745},
  doi = {10.1109/jbhi.2021.3123839}
}
@article{10.59275/j.melba.2023-fbe4,
  author = {Fu, Y.},
  title = {A recycling training strategy for medical image segmentation with diffusion denoising models},
  journal = {The Journal of Machine Learning for Biomedical Imaging},
  year = {2023},
  volume = {2},
  issue = {Generative Models},
  pages = {507-546},
  doi = {10.59275/j.melba.2023-fbe4}
}
@article{10.48550/arxiv.2105.05233,
  author = {Dhariwal, P.},
  title = {Diffusion models beat gans on image synthesis},
  year = {2021},
  doi = {10.48550/arxiv.2105.05233}
}
@article{10.48550/arxiv.2009.09761,
  author = {Kong, Z.},
  title = {Diffwave: a versatile diffusion model for audio synthesis},
  year = {2020},
  doi = {10.48550/arxiv.2009.09761}
}
@article{10.48550/arxiv.2206.05564,
  author = {Zhang, Q. and Tao, M. and Chen, Y.},
  title = {Gddim: generalized denoising diffusion implicit models},
  year = {2022},
  doi = {10.48550/arxiv.2206.05564}
}
@article{10.48550/arxiv.2201.11972,
  author = {Liu, S. and Su, D. and Yu, D.},
  title = {Diffgan-tts: high-fidelity and efficient text-to-speech with denoising diffusion gans},
  year = {2022},
  doi = {10.48550/arxiv.2201.11972}
}
@article{10.48550/arxiv.2211.00611,
  author = {Wu, J. and Fang, H. and Yang, Y. and Xu, Y.},
  title = {Medsegdiff: medical image segmentation with diffusion probabilistic model},
  year = {2022},
  doi = {10.48550/arxiv.2211.00611}
}
@article{10.48550/arxiv.2201.00308,
  author = {Pandey, K. and Mukherjee, A. and Rai, P. and Kumar, A.},
  title = {Diffusevae: efficient, controllable and high-fidelity generation from low-dimensional latents},
  year = {2022},
  doi = {10.48550/arxiv.2201.00308}
}
@article{10.48550/arxiv.2207.12598,
  author = {Ho, J. and Salimans, T.},
  title = {Classifier-free diffusion guidance},
  year = {2022},
  doi = {10.48550/arxiv.2207.12598}
}
@article{10.48550/arxiv.2010.02502,
  author = {Song, J. and Meng, C. and Ermon, S.},
  title = {Denoising diffusion implicit models},
  year = {2020},
  doi = {10.48550/arxiv.2010.02502}
}
@article{10.48550/arxiv.2111.15640,
  author = {Preechakul, K. and Chatthee, N. and Wizadwongsa, S. and Suwajanakorn, S.},
  title = {Diffusion autoencoders: toward a meaningful and decodable representation},
  year = {2021},
  doi = {10.48550/arxiv.2111.15640}
}
@article{10.48550/arxiv.2101.02388,
  author = {Luhman, E.},
  title = {Knowledge distillation in iterative generative models for improved sampling speed},
  year = {2021},
  doi = {10.48550/arxiv.2101.02388}
}
@article{10.48550/arxiv.2203.04306,
  author = {Wolleb, J. and Bieder, F. and Sandkühler, R. and Cattin, P.},
  title = {Diffusion models for medical anomaly detection},
  year = {2022},
  doi = {10.48550/arxiv.2203.04306}
}
@article{10.1145/3422622,
  author = {Goodfellow, I. and Pouget-Abadie, J. and Mirza, M. and Xu, B. and Warde-Farley, D. and Ozair, S. and Courville, A. and Bengio, Y.},
  title = {Generative adversarial networks},
  journal = {Communications of the Acm},
  year = {2020},
  volume = {63},
  issue = {11},
  pages = {139-144},
  doi = {10.1145/3422622}
}
@article{10.48550/arxiv.2211.07804,
  author = {Kazerouni, A. and Aghdam, E. and Heidari, M. and Azad, R. and Fayyaz, M. and Hacihaliloglu, I. and Merhof, D.},
  title = {Diffusion models for medical image analysis: a comprehensive survey},
  year = {2022},
  doi = {10.48550/arxiv.2211.07804}
}
@article{10.48550/arxiv.2011.13456,
  author = {Song, Y.},
  title = {Score-based generative modeling through stochastic differential equations},
  year = {2020},
  doi = {10.48550/arxiv.2011.13456}
}
@article{10.1109/cvpr52688.2022.01117,
  author = {Lugmayr, A. and Danelljan, M. and Romero, A. and Yu, F. and Timofte, R. and Gool, L.},
  title = {Repaint: inpainting using denoising diffusion probabilistic models},
  year = {2022},
  doi = {10.1109/cvpr52688.2022.01117}
}

@article{10.1109/msp.2017.2765202, author = {Creswell, A. and White, T. and Dumoulin, V. and Arulkumaran, K. and Sengupta, B. and Bharath, A. A.}, title = {Generative adversarial networks: an overview}, journal = {IEEE Signal Processing Magazine}, year = {2018}, volume = {35}, issue = {1}, pages = {53-65}, doi = {10.1109/msp.2017.2765202} }

@article{10.1109/access.2023.3272032,
  author = {Fathallah, M. and Sakr, M. and El-etriby, S.},
  title = {Stabilizing and improving training of generative adversarial networks through identity blocks and modified loss function},
  journal = {Ieee Access},
  year = {2023},
  volume = {11},
  pages = {43276-43285},
  doi = {10.1109/access.2023.3272032}
}
@article{10.1049/ipr2.12487,
  author = {Mu, J. and Chen, C. and Zhu, W. and Li, S. and Zhou, Y.},
  title = {Taming mode collapse in generative adversarial networks using cooperative realness discriminators},
  journal = {Iet Image Processing},
  year = {2022},
  volume = {16},
  issue = {8},
  pages = {2240-2262},
  doi = {10.1049/ipr2.12487}
}
@article{10.3390/e25121657,
  author = {Zou, Y.},
  title = {Auto-encoding generative adversarial networks towards mode collapse reduction and feature representation enhancement},
  journal = {Entropy},
  year = {2023},
  volume = {25},
  issue = {12},
  pages = {1657},
  doi = {10.3390/e25121657}
}
@article{10.1117/1.jei.32.4.043029,
  author = {Gong, Y. and Ming, Z. and Yang, J. and Xie, M. and Ma, X.},
  title = {Distribution constraining for combating mode collapse in generative adversarial networks},
  journal = {Journal of Electronic Imaging},
  year = {2023},
  volume = {32},
  issue = {04},
  doi = {10.1117/1.jei.32.4.043029}
}
@article{10.48550/arxiv.1910.04302,
  author = {Dieng, A.},
  title = {Prescribed generative adversarial networks},
  year = {2019},
  doi = {10.48550/arxiv.1910.04302}
}
@article{10.48550/arxiv.2207.01561,
  author = {Dubinski, J. and Deja, K. and Wenzel, S. and Rokita, P. and Trzciński, T.},
  title = {Selectively increasing the diversity of gan-generated samples},
  year = {2022},
  doi = {10.48550/arxiv.2207.01561}
}
@article{10.1111/rssb.12476,
  author = {Chen, Y. and Gao, Q. and Xiao, W.},
  title = {Inferential wasserstein generative adversarial networks},
  journal = {Journal of the Royal Statistical Society Series B (Statistical Methodology)},
  year = {2021},
  volume = {84},
  issue = {1},
  pages = {83-113},
  doi = {10.1111/rssb.12476}
}
@article{10.54254/2755-2721/18/20230984,
  author = {Zhu, H.},
  title = {Comparison of deep convolutional gan and progressive gan for facial image generation},
  journal = {Applied and Computational Engineering},
  year = {2023},
  volume = {18},
  issue = {1},
  pages = {165-171},
  doi = {10.54254/2755-2721/18/20230984}
}
@article{10.3390/e22091055,
  author = {Zhao, H. and Li, T. and Xiao, Y. and Wang, Y.},
  title = {Improving multi-agent generative adversarial nets with variational latent representation},
  journal = {Entropy},
  year = {2020},
  volume = {22},
  issue = {9},
  pages = {1055},
  doi = {10.3390/e22091055}
}






@article{10.1007/s11263-019-01265-2, author = {Qi, G.}, title = {Loss-sensitive generative adversarial networks on lipschitz densities}, journal = {International Journal of Computer Vision}, year = {2019}, volume = {128}, issue = {5}, pages = {1118-1140}, doi = {10.1007/s11263-019-01265-2} }

@article{10.1109/tpami.2018.2872043, author = {Mao, X. and Li, Q. and Xie, H. and Lau, R. Y. K. and Wang, Z. and Smolley, S. P.}, title = {On the effectiveness of least squares generative adversarial networks}, journal = {IEEE Transactions on Pattern Analysis and Machine Intelligence}, year = {2019}, volume = {41}, issue = {12}, pages = {2947-2960}, doi = {10.1109/tpami.2018.2872043} }

@article{10.1007/s10928-021-09787-4,
  author = {Parikh, J. and Rumbell, T. and Butova, X. and Myachina, T. and Acero, J. and Khamzin, S. and Solovyova, O. and Kozloski, J. and Khokhlova, A. and Gurev, V.},
  title = {Generative adversarial networks for construction of virtual populations of mechanistic models: simulations to study omecamtiv mecarbil action},
  journal = {Journal of Pharmacokinetics and Pharmacodynamics},
  year = {2021},
  volume = {49},
  issue = {1},
  pages = {51-64},
  doi = {10.1007/s10928-021-09787-4}
}
@article{10.1109/taslp.2017.2761547,
  author = {Saito, Y. and Takamichi, S. and Saruwatari, H.},
  title = {Statistical parametric speech synthesis incorporating generative adversarial networks},
  journal = {Ieee/Acm Transactions on Audio Speech and Language Processing},
  year = {2018},
  volume = {26},
  issue = {1},
  pages = {84-96},
  doi = {10.1109/taslp.2017.2761547}
}
@article{10.48550/arxiv.1802.05637,
  author = {Miyato, T.},
  title = {Cgans with projection discriminator},
  year = {2018},
  doi = {10.48550/arxiv.1802.05637}
}

@article{goodfellow2014generative,
  author = {Goodfellow, Ian J. and Pouget-Abadie, Jean and Mirza, Mehdi and Xu, Bing and Warde-Farley, David and Ozair, Sherjil and Courville, Aaron and Bengio, Yoshua},
  title = {Generative Adversarial Networks},
  year = {2014},
  doi = {10.48550/arxiv.1406.2661}
}

@article{10.48550/arxiv.2203.06026,
  author = {Kynkäänniemi, T. and Karras, T. and Aittala, M. and Aila, T. and Lehtinen, J.},
  title = {The role of imagenet classes in fréchet inception distance},
  year = {2022},
  doi = {10.48550/arxiv.2203.06026}
}
@article{10.3390/app12157599,
  author = {Xu, Y. and Wu, T. and Charlton, J. and Bennett, K.},
  title = {Gan training acceleration using fréchet descriptor-based coreset},
  journal = {Applied Sciences},
  year = {2022},
  volume = {12},
  issue = {15},
  pages = {7599},
  doi = {10.3390/app12157599}
}

@article{10.1117/12.2673366,
  author = {Xu, R. and Wang, J. and Liu, J. and Ni, F. and Cao, B.},
  title = {Thermal infrared face image data enhancement method based on deep learning},
  year = {2023},
  doi = {10.1117/12.2673366}
}

@article{10.48550/arxiv.1703.10717,
  author = {Berthelot, D. and Schumm, T. and Metz, L.},
  title = {Began: boundary equilibrium generative adversarial networks},
  year = {2017},
  doi = {10.48550/arxiv.1703.10717}
}
@article{10.48550/arxiv.2002.02112,
  author = {Hyungrok, H. and Jun, T. and Kim, D.},
  title = {Unbalanced gans: pre-training the generator of generative adversarial network using variational autoencoder},
  year = {2020},
  doi = {10.48550/arxiv.2002.02112}
}

