
@article{tanaka2019recent,
  title={Recent advances in physical reservoir computing: A review},
  author={Tanaka, Gouhei and Yamane, Toshiyuki and H{\'e}roux, Jean Benoit and Nakane, Ryosho and Kanazawa, Naoki and Takeda, Seiji and Numata, Hidetoshi and Nakano, Daiju and Hirose, Akira},
  journal={Neural Networks},
  volume={115},
  pages={100--123},
  year={2019},
  publisher={Elsevier}
}

@article{levin1976population,
  title={Population dynamic models in heterogeneous environments},
  author={Levin, Simon A},
  journal={Annual review of ecology and systematics},
  volume={7},
  number={1},
  pages={287--310},
  year={1976},
  publisher={Annual Reviews 4139 El Camino Way, PO Box 10139, Palo Alto, CA 94303-0139, USA}
}

